@TechReport{Seaborne.2013,
  author      = "Andy Seaborne and Steven Harris",
  title       = "{SPARQL} 1.1 Query Language",
  month       = mar,
  url         = {http://www.w3.org/TR/2013/REC-sparql11-query-20130321/},
  urldate     = {2020-02-20},
  year        = "2013",
  bibsource   = "https://w2.syronex.com/jmr/w3c-biblio",
  type        = "{W3C} Recommendation",
  institution = "W3C",
}

@TechReport{Berners.2011,
  author      = {Berners-Lee, Tim and Connolly, Dan},
  title       = {Notation3 ({N3}): {A} readable {RDF} syntax},
  month       = mar,
  year        = "2011",
  url         = {https://www.w3.org/TeamSubmission/2011/SUBM-n3-20110328/},
  urldate     = {2020-02-20},
  type        = "{W3C} Team Submission",
  institution = "W3C",
}

@article{Halpin.2010,
  author = {Halpin, Harry and Herman, Ivan and Hayes, Patrick J},
  title = {When owl:{sameAs} isn’t the {Same}: {An} {Analysis} of {Identity} {Links} on the {Semantic} {Web}},
  url = {https://www.w3.org/2009/12/rdf-ws/papers/ws21},
  language = {en},
  journal = {RDF Next Steps Workshop},
  address = {Palo Alto, USA},
  year = {2010},
}

@online{Berners.2005,
  author = {Berners-Lee, Tim},
  title = {Notation 3 {Logic}},
  url = {https://www.w3.org/DesignIssues/Notation3},
  urldate = {2020-02-21},
  date = {2018-05-30},
  version = {1.153}
}

@inproceedings{Arndt.2015,
  address = {Cham},
  series = {Lecture {Notes} in {Computer} {Science}},
  title = {Semantics of {Notation3} {Logic}: {A} {Solution} for {Implicit} {Quantification}},
  isbn = {978-3-319-21542-6},
  shorttitle = {Semantics of {Notation3} {Logic}},
  doi = {10.1007/978-3-319-21542-6\_9},
  language = {en},
  booktitle = {Rule {Technologies}: {Foundations}, {Tools}, and {Applications}},
  publisher = {Springer International Publishing},
  author = {Arndt, D{\"o}rthe and Verborgh, Ruben and De Roo, Jos and Sun, Hong and Mannens, Erik and Van De Walle, Rik},
  editor = {Bassiliades, Nick and Gottlob, Georg and Sadri, Fariba and Paschke, Adrian and Roman, Dumitru},
  year = {2015},
  keywords = {Semantic Web, Formal semantics, Logic, Notation3, Quantification, Not read},
  pages = {127--143},
}

@TechReport{Patel-Schneider.2014,
  author      = "Peter Patel-Schneider and Patrick Hayes",
  title       = "{RDF} 1.1 Semantics",
  month       = feb,
  url         = "http://www.w3.org/TR/2014/REC-rdf11-mt-20140225/",
  year        = "2014",
  bibsource   = "https://w2.syronex.com/jmr/w3c-biblio",
  type        = "{W3C} Recommendation",
  institution = "W3C",
}

@article{Berners.2008,
  title = {{N3Logic}: {A} logical framework for the {World} {Wide} {Web}},
  volume = {8},
  issn = {1471-0684, 1475-3081},
  shorttitle = {{N3Logic}},
  doi = {10.1017/S1471068407003213},
  language = {en},
  number = {3},
  urldate = {2020-02-20},
  journal = {Theory and Practice of Logic Programming},
  author = {Berners-Lee, Tim and Connolly, Dan and Kagal, Lalana and Scharf, Yosi and Hendler, Jim},
  month = may,
  year = {2008},
  pages = {249--269},
}

@article{Arndt.2019,
  title = {Implicit quantification made explicit: {How} to interpret blank nodes and universal variables in {Notation3} {Logic}},
  volume = {58},
  issn = {1570-8268},
  shorttitle = {Implicit quantification made explicit},
  doi = {10.1016/j.websem.2019.04.001},
  language = {en},
  urldate = {2020-02-12},
  journal = {Journal of Web Semantics},
  author = {Arndt, Dörthe and Schrijvers, Tom and De Roo, Jos and Verborgh, Ruben},
  month = oct,
  year = {2019},
  keywords = {Formal semantics, RDF, Attribute grammar, N3, Scoping},
  pages = {100501},
}

@online{FarnbauerS.2020,
  author = {Farnbauer-Schmidt, Matthias},
  title = {N3X repository},
  url = {http://github.com/MattesWhite/n3x},
  urldate = {2020-03-12},
  year = {2020},
}

@article{Verborgh.2015,
  title = {Drawing {Conclusions} from {Linked} {Data} on the {Web}: {The} {EYE} {Reasoner}},
  volume = {32},
  issn = {1937-4194},
  shorttitle = {Drawing {Conclusions} from {Linked} {Data} on the {Web}},
  doi = {10.1109/MS.2015.63},
  number = {3},
  journal = {IEEE Software},
  author = {Verborgh, Ruben and De Roo, Jos},
  month = may,
  year = {2015},
  note = {Conference Name: IEEE Software},
  pages = {23--27},
}

@inproceedings{Szilagyi.2016,
  title = {Ontologies and {Semantic} {Web} for the {Internet} of {Things} - a survey},
  doi = {10.1109/IECON.2016.7793744},
  booktitle = {{IECON} 2016 - 42nd {Annual} {Conference} of the {IEEE} {Industrial} {Electronics} {Society}},
  author = {Szilagyi, Ioan and Wira, Patrice},
  month = oct,
  year = {2016},
  pages = {6949--6954},
}
